@book{Egeland2002,
    title       = "{Modeling and Simulation for Automatic Control}",
    author      = "Egeland, Olav and Gravdahl, Jan T.",
    publisher   = {Marine Cybernetics},
    year        = {2002},
    date        = {2002},
    note        = "{Chapters 1, 2, 3, 6, 7, 8 \& 14}",
}

@book{Lemos2019,
    title       = "{Controlo no Espaço de Estados}",
    author      = {Lemos, João M.},
    publisher   = {IST Press},
    year        = {2019},
    date        = {2019},
    note        = "{Chapters 2 \& 3}",
    ISBN        = "978-989-8481-70-2"
}

@inbook{Luenberger1979,
    author      = "Luenberger, David G.",
    title       = "{Introduction to Dynamic Systems}",
    publisher   = "John Wiley \& Sons",
    year        = 1979,
    pages       = {224--253},
    note        = "{Chapter 7}",
    ISBN        = "978-0-471-02594-8"
}

@inbook{Cassandras-Lafortune2008,
    author      = "Cassandras, Christos G. and Lafortune, Stéphane",
    title       = "{Introduction to Discrete Event Systems}",
    publisher   = "Springer",
    year        = 2008,
    edition     = 2,
    pages       = {369--428},
    note        = "{Chapter 7}",
    ISBN        = "978-0-387-68612-7"
}

@book{Murray2002,
    title       = "{Mathematical Biology}",
    author      = "Murray, J. D.",
    publisher   = "Springer",
    series      = "{Interdisciplinary Applied Mathematics}",
    edition     =  {3rd},
    year        =  2002,
    note        = "{Chapters 1, 2, 3 \& 10; Appendix A}",
    ISBN        = "978-0-387-22437-4"
}

@book{Perko2013,
    title       = "{Differential Equations and Dynamical Systems}",
    author      = "Perko, Lawrence",
    publisher   = "Springer",
    series      = "Texts in applied mathematics",
    edition     =  {3rd},
    year        =  2001,
    ISBN        = "978-1-4612-6526-9",
    note        = "{Chapter 1 \& 2}",
}

@book{FranklinPowell2015,
    title       = "Feedback Control of Dynamic Systems",
    author      = "Franklin, G. F. and Powell, J. D. and Emami-Naeini, A.",
    publisher   = "Pearson",
    edition     =  7,
    year        =  2015,
    note        = "{Chapters 1, 2, 3 \& 6}"
}

@book{Maia2000,
    title       = "Introdu{\c c}{\~a}o {\`a} din{\^a}mica anal{\'\i}tica",
    author      = "Maia, Nuno M. M.",
    publisher   = {IST Press},
    year        = 2000,
    ISBN        = "978-989-8481-70-2",
    note        = "{Chapters 3, 4 \& 6}"
}

@misc{slidesLemos,
  author       = {Lemos, João M.},
  title        = "{"Acetatos de Modelação e Simulação"}",
  year         = "2022-2023",
  note         = "Acetatos 3A a 9 (algumas imagens et al.)"
}